@article{bihamDifferentialCryptanalysisDESlike1991,
  title = {Differential Cryptanalysis of {{DES-like}} Cryptosystems},
  author = {Biham, Eli and Shamir, Adi},
  year = {1991},
  month = jan,
  journal = {Journal of Cryptology},
  volume = {4},
  number = {1},
  pages = {3--72},
  issn = {1432-1378},
  doi = {10.1007/BF00630563},
  urldate = {2025-01-07},
  langid = {english},
  keywords = {CRISPR-Cas systems,Data Encryption Standard,Differential cryptanalysis,Iterated cryptosystems},
}
