@online{ronjomYoyoTricksAES2017,
  title = {Yoyo {{Tricks}} with {{AES}}},
  author = {RÃ¸njom, Sondre and Bardeh, Navid Ghaedi and Helleseth, Tor},
  date = {2017},
  number = {2017/980},
  url = {https://eprint.iacr.org/2017/980},
  urldate = {2025-04-14},
  pubstate = {prepublished},
  annotation = {Publication info: Published by the IACR in ASIACRYPT 2017}
}

@report{nationalinstituteofstandardsandtechnologyAdvancedEncryptionStandard2023,
  title = {Advanced {{Encryption Standard}} ({{AES}})},
  author = {{National Institute of Standards and Technology}},
  date = {2023-05-09},
  number = {Federal Information Processing Standard (FIPS) 197},
  institution = {U.S. Department of Commerce},
  doi = {10.6028/NIST.FIPS.197-upd1},
  url = {https://csrc.nist.gov/pubs/fips/197/final},
  urldate = {2025-04-14}
}
